%%%%%%%%%%%%%%%%%%%%%%%%%%%%%%%%%%%%%%%%%%%%%%%%%%%%%%%%%%%%%%%%%%%%%%
%%%%%%%%%%%%%%% Conference proceedings %%%%%%%%%%%%%%%%%%%%%%%%%%%%%%%

%% Created using Papers on Thu, 14 Dec 2017.
%% http://papersapp.com/papers/

@inproceedings{frassinetti:eps2022pedestal,
  title =	 {Pedestal structure and stability at low
                  collisionality in TCV},
  author =	 {Frassinetti, L and Labit, B and Dunne, M and Merle,
                  A and Nystr{\"o}m, H and Saarelma, S and Vianello, N
                  and TCV Team and others},
  booktitle =	 {48th EPS Conference on Plasma Physics, Maastricht},
  year =	 2022,
  organization = {European Physical Society}
}

@inproceedings{lomanowski:aps2022separatrix,
  title =	 {Separatrix density scaling in JET with the ITER-like
                  wall},
  author =	 {Lomanowski, B and Rubino, G and Uccello, A and
                  Dunne, M and Vianello, N and Groth, M and Meigs, A
                  and Simpson, J},
  booktitle =	 {62nd Annual Meeting of the APS Division of Plasma
                  Physics},
  year =	 2022,
  orgranization ={American Physical Society}
}

@inprocedings{cedric:aps2022evidence,
  title =	 {Evidence on the Role of Main-Chamber Neutrals on
                  Density Shoulder Broadening},
  author =	 {Tsui, C.K.W and Boedo, J and Fevrier, O and Perek, A
                  and Reimerdes, H and Duval, B and Gorno, S and
                  Sheikh, U and Theiler, C and Baquero-Ruiz, M and
                  Vianello, N and others},
  booktitle =	 {62nd Annual Meeting of the APS Division of Plasma
                  Physics},
  year =	 2022,
  organization = {American Physical Society}
}

@inproceedings{tal:psi2021effect,
  title =	 {Effect of geometry on the SOL density profiles at
                  AUG},
  author =	 {Tal, B and Brida, D and Grenfell, G and Griener, M
                  and Harrer, G and Hobirk, J and Kurzan, B and
                  Vianello, N and Wendler, D and Wolfrum, E and
                  others},
  booktitle =	 {25th International Conference on Plasma Surface
                  Interactions in Controlled Fusion Devices (PSI 25)},
  year =	 2021
}

@inproceedings{joffrin2021overview,
  title =	 {Overview of the european tokamak programme in the
                  new European Framework Programme},
  author =	 {Joffrin, E and Wischmeier, M and Labit, B and
                  Hakola, A and Tsitrone, E and Vianello, N},
  booktitle =	 {AAPPS-DPP 2021-5th Asia Pacific Conference on Plasma
                  Physics},
  year =	 2021
}

@inproceedings{thomas:eps2021blob,
  title =	 {Blob size and velocity distributions in the ASDEX
                  Upgrade scrape-off layer and their role in determing
                  the density profile using gas puff imaging},
  author =	 {Thomas, S and Cziegler, I and Griener, M and
                  Vianello, N and Walkden, N and Wolfrum, E and ASDEX
                  Upgrade Team and EUROfusion MST1 Team and others},
  booktitle =	 {25th Joint EU-US Transport Task Force Meeting},
  year =	 2021
}

@inproceedings{dunne2021ideal,
  title =	 {Ideal ballooning modes in the ASDEX-Upgrade, JET and
                  TCV pedestals},
  author =	 {Dunne, MG and Frassinetti, L and Lomanowski, B and
                  Sheikh, U and Vianello, N and Wolfrum, E and
                  Radovanovic, L and Carvalho, IS and Frigione, D and
                  Garzotti, L and others},
  booktitle =	 {47th EPS Conference on Plasma Physics},
  year =	 2021,
  organization = {European Physical Society}
}

@inproceedings{thomas:eps2020blob,
  title =	 {Blob size and velocity distributions in the
                  scrape-off layer during shoulder formation in ASDEX
                  Upgrade using gas puff imaging},
  author =	 {Thomas, S and Cziegler, I and Griener, M and
                  Vianello, N and Walkden, N and Wolfrum, E and ASDEX
                  Upgrade Team and EUROfusion MST1 Team and others},
  booktitle =	 {47th EPS Conference on Plasma Physics},
  year =	 2020
}

@inproceedings{henderson:iaea2020experimental,
  title =	 {Experimental impurity concentrations required to
                  reach detachment on AUG and JET},
  author =	 {Henderson, SS and Giroud, C and Harrison, JR and
                  Meigs, A and Bernert, M and Brida, D and Cavedon, M
                  and David, P and Dux, R and Kallenbach, A and
                  Vianello, N and others},
  booktitle =	 {28th IAEA Fusion Energy Conference (FEC 2020)},
  year =	 2020
}

@inproceedings{vianello:iaea2021sol,
  title =	 {SOL profile and fluctuations in different divertor
                  recycling conditions in H-mode plasmas},
  author =	 {Vianello, N and ASDEX Upgrade Team and TCV Team and
                  others},
  booktitle =	 {2020 IAEA Fusion Energy Conf.(virtual conference)},
  pages =	 {EX--P3},
  year =	 2021
}

@inproceedings{tal2019geometry,
  title =	 {Geometry Effects on Density Shoulder Formation in
                  L-mode ASDEX Upgrade Discharges},
  author =	 {Tal, B and Wolfrum, E and Brida, D and Cavedon, M
                  and Dunne, M and Fischer, R and Griener, M and
                  Hobirk, J and Kurzan, B and Lunt, T and Vianello, N
                  and others},
  booktitle =	 {24th International Conference on Plasma Surface
                  Interactions in Controlled Fusion Devices (PSI 24)},
  year =	 2019
}

@inproceedings{walkden2021turbulent,
  title =	 {Turbulent transport in tokamak divertor legs},
  author =	 {Walkden, NR and Harrison, J and Riva, F and
                  Muhammed, H and Dudson, BD and Silburn, SA and De
                  Oliveira, H and Vianello, N and Militello, F and
                  Giroud, C and others},
  booktitle =	 {24th International Conference on Plasma Surface
                  Interactions in Controlled Fusion Devices (PSI
                  24)(virtual)},
  year =	 2021
}

@inproceedings{spolaore2019magnetic,
  title =	 {Magnetic and electrostatic turbulence island
                  modulation in the W7-X boundary},
  author =	 {Spolaore, M and Killer, C and Agostinetti, P and
                  Cavazzana, R and Ghirardelli, R and Grenfell, G and
                  Grulke, O and Knieps, A and Lazerson, SA and
                  Moresco, M and Vianello, N and others},
  booktitle =	 {24th International Conference on Plasma Surface
                  Interactions in Controlled Fusion Devices (PSI
                  24)(virtual)},
  year =	 2019
}

@inproceedings{nem2019comparison,
  title =	 {Comparison of Tokamak Plasma Midplane with Divertor
                  Conditions},
  author =	 {Nem, RD and Herrmann, A and Vianello, N and Naulin,
                  V and Sieglin, B and Manz, P and Garcia, OE and
                  Walkden, NR and Theodorsen, A and Juul Rasmussen, J
                  and others},
  booktitle =	 {46th EPS Conference on Plasma Physics},
  year =	 2019,
  organization = {European Physical Society}
}

@inproceedings{agostini2019study,
  title =	 {Study of the role of divertor neutrals and SOL
                  turbulence in the density shoulder formation and
                  evolution in ASDEX-U},
  author =	 {Agostini, M and Vianello, N and Carraro, L and
                  Carralero, D and Cavedon, M and Dux, R and Lunt, T
                  and Naulin, V and Spolaore, M and Wolfrum, E and
                  others},
  booktitle =	 {Workshop on Electric Fields, Turbulence and
                  Self-Organization in Magnetized Plasmas (EFTSOMP
                  2019)},
  year =	 2019
}

@inproceedings{Verhaegh:2017wh,
  author =	 {Verhaegh, K and Lipschultz, B and Duval, B P and
                  Harrison, J and Labit, B and Lomanowski, B and
                  Maurizio, R and Marini, C and Reimerdes, H and
                  Sheikh, U and Theiler, C and Tsui, C K and Vianello,
                  N and Vijvers, W A J},
  title =	 {{Spectroscopi investigation of ion sinks/sources
                  during TCV detachment}},
  booktitle =	 {44th EPS Conference on Plasma Physics},
  year =	 2017,
  pages =	 {P4.123},
  location =	 {Belfast, UK}
}

@inproceedings{Tsui:2017tq,
  author =	 {Tsui, C K and Boedo, J A and Myra, J R and Vianello,
                  N and Duval, B and Labit, B and Reimerdes, H and
                  Sheikh, U and Theiler, C and Verhaegh, K},
  title =	 {{Filamentary Transport Scaling Validation across
                  Multiple Theoretical Regimes in the TCV Tokamak}},
  booktitle =	 {44th EPS Conference on Plasma Physics},
  year =	 2017,
  pages =	 {P1.176},
  location =	 {Belfast, UK}
}

%% Created using Papers on Wed, 29 Jul 2015.
%% http://papersapp.com/papers/

@inproceedings{Refy:2016uj,
  author =	 {Refy, D and Solano, E R and Vianello, N and
                  Zoletnik, S and Dunai, D and Tal, B and Brix, M and
                  Gomes, R and Birkenmeier, G and Wolfrum, E and
                  Laggner, F and Delabie, E},
  title =	 {{Comparative analysis of density profile and
                  magnetic signals during the JET M-mode and ASDEX
                  Upgrade I-phase phenomena}},
  booktitle =	 {43rd EPS Conference on Plasma Physics},
  year =	 2016,
  pages =	 {P1.023},
  location =	 {Leuven, Belgium}
}

@inproceedings{Cordaro:2016tp,
  author =	 {Cordaro, L and Zuin, M and Momo, B and Martines, E
                  and Spolaore, M and Auriemma, F and Cavazzana, R and
                  De Masi, G and Scarin, P and Spagnolo, S and
                  Vianello, N and Cester, D and Stevanato, L and
                  Isliker, H and Vlahos, L and Schneider, W},
  title =	 {{Current sheet fragmentation following magnetic
                  reconnection in RFP plasmas}},
  booktitle =	 {43rd EPS Conference on Plasma Physics},
  year =	 2016,
  pages =	 {P5.015},
  location =	 {Leuven, Belgium}
}

@inproceedings{Vianello:2016wt,
  author =	 {Vianello, N and Tsui, C K and Theiler, C and Allan,
                  S and Boedo, J A and Labit, B and Reimerdes, H and
                  Verhaegh, K and Vijvers, W and Walkden, N and
                  Costea, S and Kovacic, J and Ionita, C and Naulin, V
                  and Nielsen, A H and Rasmussen, J J and Schneider, B
                  S and Schrittwieser, R and Spolaore, M and
                  Carralero, D and Madsen, J and Militello, F and
                  Lipschultz, B},
  title =	 {{On Filamentary Transport in the TCV Tokamak:
                  Addressing the role of Parallel Connection Length}},
  booktitle =	 {26th IAEA Fusion Energy Conference},
  year =	 2016,
  pages =	 {EX--P8--26},
  address =	 {Kyoto}
}

@inproceedings{Spolaore:2015tk,
  author =	 {Spolaore, M and Kovarik, K and Stockel, J and
                  Adamek, J and Duran, I and Komm, M and Martines, E
                  and Seidl, J and Vianello, N},
  title =	 {{ELM and inter-ELM electromagnetic filaments in the
                  COMPASS Scrape Off Layer}},
  booktitle =	 {42nd EPS Conference on Plasma Physics},
  year =	 2015,
  pages =	 {P4.107},
  location =	 {Lisbon},
  month =	 jun
}

@inproceedings{Liu:2015ue,
  author =	 {Liu, B and Spolaore, M and Losada, U and Alonso, A
                  and Pedrosa, M A and Estrada, T and van Milligen, B
                  Ph and Vianello, N and Hidalgo, C},
  title =	 {{Electromagnetic turbulence measurements during the
                  L-H transition in the TJ-II stellarator}},
  booktitle =	 {42nd EPS Conference on Plasma Physics},
  year =	 2015,
  pages =	 {P4.166},
  location =	 {Lisbon},
  month =	 jun
}

@inproceedings{Costea:2015ub,
  author =	 {Costea, S and Rasmussen, J J and Vianello, N and
                  M{\"u}ller, H W and Naulin, V and Schrittwieser, R
                  and Nielsen, A H and Madsen, J and Ionita, C and
                  Spolaore, M and Carralero, D and Mehlmann, F},
  title =	 {{Investigation on radial transport of perpendicular
                  momentumin the SOL of AUG during L-I-H transition}},
  booktitle =	 {42nd EPS Conference on Plasma Physics},
  year =	 2015,
  pages =	 {P1.151},
  location =	 {Lisbon},
  month =	 jun
}

@inproceedings{Zuin:2015wk,
  author =	 {Zuin, M and Stevanato, L and Martines, E and
                  Auriemma, F and Momo, B and Cavazzana, R and De
                  Masi, G and Gonzalez, W and Lorenzini, R and Scarin,
                  P and Spagnolo, S and Spolaore, M and Vianello, N
                  and Schneider, W and Cester, D and Nebbia, G and
                  Sajo-Bohus, L and Viesti, G},
  title =	 {{Characterization of Particle Dynamics and Magnetic
                  Reconnection in the RFX-mod Plasmas}},
  booktitle =	 {42nd EPS Conference on Plasma Physics},
  year =	 2015,
  pages =	 {P4.158},
  location =	 {Lisbon},
  month =	 jun
}

@inproceedings{Carralero:2015ub,
  author =	 {Carralero, D and Sun, H J and Artene, S A and Manz,
                  P and M{\"u}ller, H W and Groth, M and Komm, M and
                  Adamek, J and Aho-Mantila, L and Birkenmeier, G and
                  Brix, M and Stroth, U and Vianello, N and Viezzer, E
                  and Wischmeier, M and Wolfrum, E},
  title =	 {{Towards a general scaling of the Scrape-off Layer
                  density width}},
  booktitle =	 {42nd EPS Conference on Plasma Physics},
  year =	 2015,
  pages =	 {O2.106},
  location =	 {Lisbon},
  month =	 jun
}

@inproceedings{Vianello:2015tz,
  author =	 {Vianello, N and Solano, E and Delabie, E and
                  Hillesheim, J and Refy, D and Zoletnik, S and
                  Buratti, P and Boom, J E and Coelho, R and
                  Figueiredo, A and Lerche, E and Meneses, L and
                  Rimini, F and Sips, A and Artaserse, G and Belohony,
                  E},
  title =	 {{Experimental characterization of M-Mode in JET
                  tokamak}},
  booktitle =	 {42nd EPS Conference on Plasma Physics},
  year =	 2015,
  pages =	 {P2.133},
  location =	 {Lisbon},
  month =	 jun
}

@inproceedings{martin:iaea2010,
  Author =	 {P Martin and Adamek and M Agostini and A Alfier and
                  C Angioni and V Antoni and L Apolloni and F Auriemma
                  and O Barana and S Barison and M Baruzzo and P
                  Bettini and M Boldrin and T Bolzonella and D
                  Bonfiglio and F Bonomo and A H Boozer and M Brombin
                  and J. Brotankova and A Buffa and A Canton and S
                  Cappello and L Carraro and R Cavazzana and M
                  Cavinato and L. Chacon and G Chitarin and A W Cooper
                  and S Dal Bello and M Dalla Palma and R Delogu and A
                  De Lorenzi and G De Masi and J Q Dong and M Drevlak
                  and D F Escande and F Fantini and A Fassina and A
                  Ferro and S Fiameni and P Franz and E Gaio and X
                  Garbet and E Gazza and L Giudicotti and F Gnesotto
                  and M Gobbin and L Grando and S C Guo and S P
                  Hirshman and S Ide and V Igochine and Y In and P
                  Innocente and S F Liu and Y.Q.Liu and D L{\`o}pez
                  Bruna and R Lorenzini and A Luchetta and G Manduchi
                  and D K Mansfield and G Marchiori and D Marcuzzi and
                  L Marrelli and S Martini and G Matsunaga and E
                  Martines and G Mazzitelli and K McCollam and S
                  Menmuir and F Milani and B Momo and M Moresco and S
                  Munaretto and L Novello and M Okabayashi and S
                  Ortolani and R Paccagnella and R Pasqualotto and G V
                  Perverezev and S Peruzzo and R Piovan and P Piovesan
                  and L Piron and A Pizzimenti and N Pomaro and N
                  Pomphrey and I Predebon and ME Puiatti and A Rizzolo
                  and G Rostagni and G. Rubinacci and A Ruzzon and R
                  Sanchez and J S Sarff and F Sattin and A Scaggion
                  and P Scarin and G Serianni and P Sonato and E Spada
                  and A Soppelsa and S Spagnolo and M Spolaore and D A
                  Spong and G Spizzo and M Takechi and C Taliercio and
                  D Terranova and V Toigo and M Valisa and M Veranda
                  and Vianello, N and F. Villone and Z Wang and R B
                  White and D Yadikin and P Zaccaria and A Zamengo and
                  P Zanca and B Zaniol and L Zanotto and E Zilli and H
                  Zohm and G. Zollino and M Zuin},
  Booktitle =	 {Proceedings 23nd IAEA Fusion Energy Conference},
  Date-Added =	 {2011-02-24 12:37:55 +0100},
  Date-Modified ={2011-02-24 12:40:17 +0100},
  Pages =	 {OV/5-3Ra},
  Title =	 {Overview of RFX fusion science program},
  Year =	 2010,
  location =	 { Daejon, Korea Rep. of}
}

@inproceedings{IAEA2010-Asdex-Edge,
  Author =	 {HW M{\"u}ller and J Adamek and R Cavazzana and GD
                  Conway and JP Gunn and A Herrmann and J Horacek and
                  C ionita and M Kocan and M Maraschek and C Maszl and
                  F Mehlmann and B Nold and M Peterka and V Rohde and
                  R Schrittwieser and Vianello, N and E Wolfrum and M
                  Zuin},
  Booktitle =	 {Proceedings 23nd IAEA Fusion Energy Conference},
  Date-Added =	 {2010-09-28 15:31:05 +0200},
  Date-Modified ={2010-09-28 15:33:19 +0200},
  Number =	 {EXD/P3-23},
  Title =	 {Fluctuations, ELM Filaments and Turbulent Transport
                  in the SOL at the Outer Midplane of ASDEX Upgrade},
  Year =	 2010,
  location =	 {Daejon, Korea Rep. of}
}

@inproceedings{IAEA-2010-barriere,
  Author =	 {ME Puiatti and M Valisa and A Alfier and M Agostini
                  and L Apolloni and F Auriemma and M Baruzzo and T
                  Bolzonella and D Bonfiglio and F Bonomo and A Canton
                  and S Cappello and L Carraro and R Cavazzana and S
                  Dal Bello and G De Masi and D Escande and A Fassina
                  and P Franz and E Gazza and M Gobbin and S Guo and P
                  Innocente and R Lorenzini and G Marchiori and L
                  Marrelli and P Martin and E Martines and S Martini
                  and S Menmuir and B Momo and L Novello and R
                  Paccagnella and P Piovesan and L Piron and I
                  Predebon and A Ruzzon and F Sattin and A Scaggion
                  and P Scarin and A Soppelsa and G Spizzo and S
                  Spagnolo and M Spolaore and D Terranova and M
                  Veranda and Vianello, N and P Zanca and B Zaniol and
                  L Zanotto and M Zuin},
  Booktitle =	 {Proceedings 23nd IAEA Fusion Energy Conference},
  Date-Added =	 {2010-09-28 15:26:00 +0200},
  Date-Modified ={2010-09-28 15:29:43 +0200},
  Number =	 {EXC/P4-10},
  Title =	 {Internal and edge electron transport barriers in the
                  RFX-mod Reversed Field Pinch},
  Year =	 2010,
  location =	 {Daejon, Korea Rep. of}
}

@inproceedings{IAEA2010-RFX-Edge,
  Author =	 {P Scarin and Vianello, N and M Agostini and S
                  Cappello and L Carraro and R Cavazzana and G De Masi
                  and E Martines and M Moresco and S Munaretto and ME
                  Puiatti and G Spizzo and M Spolaore and M Valisa and
                  M Zuin },
  Booktitle =	 {Proceedings 23nd IAEA Fusion Energy Conference},
  Date-Added =	 {2010-09-28 15:21:06 +0200},
  Date-Modified ={2010-09-28 15:23:54 +0200},
  Number =	 {EX/P3-29},
  Title =	 {Magnetic Structures and Pressure Profiles in the
                  Plasma Boundary of RFX-mod: High Current and Density
                  Limit in Helical Regimes},
  Year =	 2010,
  location =	 {Daejon, Korea Rep. of}
}

@inproceedings{iaea-2010-long-range-correlation,
  Author =	 {Y Xu and Vianello, N and M Spolaore and E Martines
                  and P Manz and U Stroth and C Silva and M Pedrosa
                  and C Hidalgo and D Carralero and S Jachmich and B
                  van Milligen and M Ramisch and I Shesterikov},
  Booktitle =	 {Proceedings 23nd IAEA Fusion Energy Conference},
  Date-Added =	 {2010-09-25 19:28:49 +0200},
  Date-Modified ={2010-09-25 19:34:08 +0200},
  Editor =	 {IAEA},
  Number =	 {EXC/9-3},
  Title =	 {Long-Range Correlations and Edge Transport
                  Bifurcation in Fusion Plasmas},
  Year =	 2010,
  location =	 {Daejon, Korea Rep. of}
}

@inproceedings{psi2010-asdex,
  Author =	 {V Naulin and Vianello, N and R Schrittwieser and
                  H.W. M{\"u}ller and P Migliucci and M Zuin and C
                  Ionita and C Maszl and F Mehlmann and JJ Rasmussen
                  and V Rohde and R Cavazzana and M Maraschek},
  Booktitle =	 {Proceedings of the 19th International Conference on
                  Plasma Surface Interaction},
  Date-Added =	 {2010-06-21 09:06:18 +0200},
  Date-Modified ={2010-06-21 09:08:26 +0200},
  Month =	 {May},
  Title =	 {Magnetic diagnostic of SOL-filaments generated by
                  type I ELMs on JET and ASDEX Upgrade},
  Year =	 2010
}

@inproceedings{psi-2010-gpi,
  Author =	 {P Scarin and M Agostini and A Alfier and L Carraro
                  and R Cavazzana and V Cervaro and A Fassina and S
                  Munaretto and F Sattin and G Serianni and G Spizzo
                  and M Spolaore and Vianello, N},
  Booktitle =	 {Proceedings of the 19th International Conference on
                  Plasma Surface Interaction},
  Date-Added =	 {2010-06-17 15:29:36 +0200},
  Date-Modified ={2010-06-17 15:31:22 +0200},
  Month =	 {May},
  Title =	 {Plasma Pressure Gradient in the Edge of RFX-mode
                  Helical Regimes},
  Year =	 2010
}

@inproceedings{psi2010-flow,
  Author =	 {M Spolaore and G De Masi and Vianello, N and M
                  Agostini and D Bonfiglio and R Cavazzana and R
                  Lorenzini and E Martines and B. Momo and P Scarin
                  and G Serianni and S Spagnolo and M Zuin},
  Booktitle =	 {Proceedings of the 19th International Conference on
                  Plasma Surface Interaction},
  Date-Added =	 {2010-06-17 15:13:37 +0200},
  Date-Modified ={2010-06-17 15:16:38 +0200},
  Month =	 {May},
  Number =	 {P2-71},
  Title =	 {Parallel and perpendicular flows in the RFX-mod edge
                  region},
  Year =	 2010
}

@inproceedings{eps-2010-ae,
  Author =	 {S Spagnolo and M Zuin and R Cavazzana and G De Masi
                  and E Martines and M Spolaore and Vianello, N},
  Booktitle =	 {Proceedings 37st EPS Conference on Plasma Physics},
  Date-Added =	 {2010-06-17 15:07:22 +0200},
  Date-Modified ={2010-06-17 15:08:33 +0200},
  Pages =	 {P4.162},
  Title =	 {Alfv{\'e}n Eigenmodes in the RFX-mod reversed field
                  pinch plasma},
  Year =	 2010,
  location =	 { Dublin, Ireland}
}

@inproceedings{eps-2010-optimization,
  Author =	 {L Zanotto and R Cavazzana and R Lorenzini and L
                  Novello and M Zuin and S Dal Bello and P Franz and G
                  Marchiori and P Piovesan and D Terranova and G
                  Spizzo and M Spolaore and Vianello, N },
  Booktitle =	 {Proceedings 37st EPS Conference on Plasma Physics},
  Date-Added =	 {2010-06-17 15:05:29 +0200},
  Date-Modified ={2010-06-17 15:10:25 +0200},
  Pages =	 {P2.193},
  Title =	 {Optimisation of the RFX-mod experiment for 2MA
                  operation},
  Year =	 2010,
  location =	 {Dublin, Ireland}
}

@inproceedings{eps2010-asdex,
  Author =	 {F Mehlmann and C Ionita and V Naulin and JJ
                  Rasmussen and HW M{\"u}ller and Vianello, N and C
                  Maszl and V Rohde and M Zuin and R Cavazzana and M
                  Maraschek and R Schrittwieser},
  Booktitle =	 {Proceedings 37st EPS Conference on Plasma Physics},
  Date-Added =	 {2010-06-17 15:00:29 +0200},
  Date-Modified ={2010-06-17 15:09:01 +0200},
  Pages =	 {P1.1064},
  Title =	 {Transport of momentum in the SOL of Asdex Upgrade},
  Year =	 2010,
  location =	 {Dublin, Ireland}
}

@inproceedings{martini:iaea2006,
  Author =	 {S Martini and M Agostini and C Alessi and A. Alfier
                  and V Antoni and L Apolloni and F Auriemma and P
                  Bettini and T Bolzonella and D Bonfiglio and F
                  Bonomo and M Brombin and A Buffa and A Canton and S
                  Cappello and L Carraro and R Cavazzana and M
                  Cavinato and G Chitarin and A Cravotta and S. Dal
                  Bello and A. De Lorenzi and L. De Pasqual and D. F
                  Escande and A Fassina and P Franz and G Gadani and E
                  Gaio and L Garzotti and E Gazza and L Giudicotti and
                  F Gnesotto and M Gobbin and L Grando and S.C Guo and
                  P Innocente and R Lorenzini and A Luchetta and G
                  Malesani and G Manduchi and G Marchiori and D
                  Marcuzzi and L Marrelli and P Martin and Emilio
                  Martines and A Masiello and F Milani and M Moresco
                  and A Murari and L Novello and Sergio Ortolani and R
                  Paccagnella and R Pasqualotto and S Peruzzo and R
                  Piovan and P Piovesan and A Pizzimenti and N Pomaro
                  and M.E Puiatti and G Rostagni and F Sattin and P
                  Scarin and G Serianni and P Sonato and E Spada and A
                  Soppelsa and G Spizzo and Monica Spolaore and C
                  Taccon and C Taliercio and David Terranova and V
                  Toigo and M Valisa and Vianello, N and P Zaccaria
                  and Paolo Zanca and B Zaniol and L Zanotto and E
                  Zilli and G Zollino and M Zuin},
  Booktitle =	 {Proceedings 21nd IAEA Fusion Energy Conference},
  Date-Added =	 {2009-11-04 11:55:26 +0100},
  Date-Modified ={2009-11-04 11:56:42 +0100},
  Pages =	 {EX/7-3},
  Title =	 {Overview of RFX-mod results with active MHD control},
  Year =	 2006,
  location =	 {Chendu, China}
}

@inproceedings{innocente:iaea2006,
  author =	 {Innocente, P and Alfier, A and Carraro, L and
                  Lorenzini, R and Pasqualotto, R and Agostini, Matteo
                  and Alessi, C and Antoni, V and Apolloni, L and
                  Auriemma, F and Bettini, P and Bolzonella, T and
                  Bonfiglio, D and Bonomo, F and Brombin, M and Buffa,
                  A and Canton, A and Cappello, S and Cavazzana, R and
                  Cavinato, Mario and Chitarin, G and Cravotta, A and
                  Bello, S Dal and de Lorenzi, A and de Pasqual, L and
                  Escande, DF and Fassina, A and Franz, P and Gadani,
                  G and Gaio, E and Garzotti, L and Gazza, E and
                  Giudicotti, L and Gnesotto, F and Gobbin, M and
                  Grando, L and Guo, SC and Luchetta, A and Malesani,
                  G and Manduchi, G and Marchiori, G and Marcuzzi, D
                  and Marrelli, L and Martin, P and Martini, S and
                  Martines, E and Masiello, A and Milani, F and
                  Moresco, M and Murari, A and Novello, L and
                  Ortolani, S and Paccagnella, R and Peruzzo, S and
                  Piovan, R and Piovesan, P and Pizzimenti, A and
                  Pomaro, N and Puiatti, ME and Rostagni, G and
                  Sattin, F and Scarin, P and Serianni, G and Sonato,
                  P and Spada, E and Soppelsa, A and Spizzo, Gianluca
                  and Spolaore, Monica and Taccon, C and Taliercio, C
                  and Terranova, D and Toigo, V and Valisa, M and
                  Vianello, N and Zaccaria, P and Zanca, P and Zaniol,
                  B and Zanotto, L and Zilli, E and Zollino, G and
                  Zuin, M},
  title =	 {{Transport and confinement studies in RFX-mod
                  Reversed Field Pinch experiment}},
  booktitle =	 {Proceedings 21nd IAEA Fusion Energy Conference},
  year =	 2006,
  pages =	 {EX/P3--10},
  location =	 {Chendu, China}
}

@inproceedings{lucchetta:iaea2006,
  author =	 {Luchetta, A and Cavinato, Mario and Gaio, E and
                  Grando, L and Manduchi, G and Marchiori, G and
                  Pomaro, N and Soppelsa, A and Agostini, Matteo and
                  Alessi, C and Alfier, A and Antoni, V and Apolloni,
                  L and Auriemma, F and Bettini, P and Bolzonella, T
                  and Bonfiglio, D and Bonomo, F and Brombin, M and
                  Buffa, A and Canton, A and Cappello, S and Carraro,
                  L and Cavazzana, R and Chitarin, G and Cravotta, A
                  and Bello, S Dal and de Lorenzi, A and de Pasqual, L
                  and Escande, DF and Fassina, A and Franz, P and
                  Gadani, G and Garzotti, L and Gazza, E and
                  Giudicotti, L and Gnesotto, F and Gobbin, M and Guo,
                  SC and Innocente, P and Lorenzini, R and Malesani, G
                  and Marcuzzi, D and Marrelli, L and Martin, P and
                  Martini, S and Martines, E and Masiello, A and
                  Milani, F and Moresco, M and Murari, A and Novello,
                  L and Ortolani, S and Paccagnella, R and
                  Pasqualotto, R and Peruzzo, S and Piovan, R and
                  Piovesan, P and Pizzimenti, A and Puiatti, ME and
                  Rostagni, G and Sattin, F and Scarin, P and
                  Serianni, G and Sonato, P and Spada, E and Spizzo,
                  Gianluca and Spolaore, Monica and Taccon, C and
                  Taliercio, C and Terranova, D and Toigo, V and
                  Valisa, M and Vianello, N and Zaccaria, P and Zanca,
                  P and Zaniol, B and Zanotto, L and Zilli, E and
                  Zollino, G and Zuin, M},
  title =	 {{Recent results from real time active control of MHD
                  modes in RFX-mod}},
  booktitle =	 {Proceedings 21nd IAEA Fusion Energy Conference},
  year =	 2006,
  pages =	 {FT/P5--1},
  location =	 {Chendu, China}
}

@inproceedings{valisa:iaea2006,
  author =	 {Valisa, M and Frassinetti, L and Paccagnella, R and
                  Puiatti, ME and Sattin, F and Scarin, P and Spizzo,
                  Gianluca and Spolaore, Monica and Vianello, N and
                  Agostini, Matteo and Alessi, C and Alfier, A and
                  Antoni, V and Apolloni, L and Auriemma, F and
                  Bettini, P and Bolzonella, T and Bonfiglio, D and
                  Bonomo, F and Brombin, M and Buffa, A and Canton, A
                  and Cappello, S and Carraro, L and Cavazzana, R and
                  Cavinato, Mario and Chitarin, G and Cravotta, A and
                  Bello, S Dal and de Lorenzi, A and de Pasqual, L and
                  Escande, DF and Fassina, A and Franz, P and Gadani,
                  G and Gaio, E and Garzotti, L and Gazza, E and
                  Giudicotti, L and Gnesotto, F and Gobbin, M and
                  Grando, L and Guo, SC and Iooncente, P and
                  Lorenzini, R and Luchetta, A and Malesani, G and
                  Manduchi, G and Marchiori, G and Marcuzzi, D and
                  Marrelli, L and Martin, P and Martini, S and
                  Martines, E and Masiello, A and Milani, F and
                  Moresco, M and Novello, L and Ortolani, S and
                  Pasqualotto, R and Peruzzo, S and Piovan, R and
                  Piovesan, P and Pizzimenti, A and Pomaro, N and
                  Predebon, I and Rostagni, G and Serianni, G and
                  Sonato, P and Spada, E and Soppelsa, A and Taccon, C
                  and Taliercio, C and Terranova, D and Toigo, V and
                  Zaccaria, P and Zanca, P and Zaniol, B and Zanotto,
                  L and Zilli, E and Zollino, G and Zuin, M},
  title =	 {{Edge transport properties of RFX-mod approaching
                  the Greenwald density limit}},
  booktitle =	 {Proceedings 21nd IAEA Fusion Energy Conference},
  year =	 2006,
  pages =	 {EX/P3--17},
  location =	 {Chendu, China}
}

@inproceedings{martin:iaea2008,
  Author =	 {P Martin and L Apolloni and M Puiatti and J Adamek
                  and M Agostini and A Alfier and S Annibaldi and V
                  Antoni and F Auriemma and O Barana and M Baruzzo and
                  P Bettini and T Bolzonella and D Bonfiglio and F
                  Bonomo and M Brombin and J Brotankova and A Buffa
                  and P Buratti and A Canton and S Cappello and L
                  Carraro and R Cavazzana and M Cavinato and B Chapman
                  and G Chitarin and S Dal Bello and A De Lorenzi and
                  G De Masi and D Escande and A Fassina and A Ferro
                  and P Franz and E Gaio and E Gazza and L Giudicotti
                  and F Gnesotto and M Gobbin and L Grando and L
                  Guazzotto and S Guo and V Igochine and P Innocente
                  and Y Liu and R Lorenzini and A Luchetta and G
                  Manduchi and G Marchiori and D Marcuzzi and L
                  Marrelli and S Martini and Emilio Martines and K
                  Mccollam and S Menmuir and F Milani and M Moresco
                  and L Novello and S Ortolani and R Paccagnella and R
                  Pasqualotto and S Peruzzo and R Piovan and P
                  Piovesan and L Piron and A Pizzimenti and N Pomaro
                  and I Predebon and J Reusch and G Rostagni and G
                  Rubinacci and J Sarff and F Sattin and P Scarin and
                  G Serianni and P Sonato and E Spada and A Soppelsa
                  and S Spagnolo and M Spolaore and G Spizzo and C
                  Taliercio and D Terranova and V Toigo and M Valisa
                  and Vianello, N and F Villone and R White and D
                  Yadikin and P Zaccaria and A Zamengo and P Zanca and
                  B Zaniol and L Zanotto and E Zilli and H Zohm and M
                  Zuin},
  Booktitle =	 {Proceedings 22nd IAEA Fusion Energy Conference},
  Date-Added =	 {2009-11-04 11:48:13 +0100},
  Date-Modified ={2009-11-04 11:49:07 +0100},
  Pages =	 {OV/5-2Ra},
  Title =	 {Overview of RFX-mod results},
  Year =	 2008,
  location =	 {Geneva, Switzerland}
}

@inproceedings{martines:iaea2008,
  Author =	 {E Martines and A Alfier and M Agostini and A Canton
                  and R Cavazzana and G De Masi and A Fassina and P
                  Innocente and R Lorenzini and P Scarin and G
                  Serianni and M Spolaore and D Terranova and
                  Vianello, N and M Zuin},
  Booktitle =	 {Proceedings 22nd IAEA Fusion Energy Conference},
  Date-Added =	 {2009-11-04 11:40:40 +0100},
  Date-Modified ={2009-11-04 11:43:41 +0100},
  Pages =	 {EX/P5-26},
  Title =	 {Transport Mechanisms in the Outer Region of RFX-mod},
  Year =	 2008,
  location =	 {Geneva, Switzerland}
}

@inproceedings{zanotto:eps2009,
  Author =	 {L. Zanotto and R. Cavazzana and S. Dal Bello and
                  P. Franz and R. Lorenzini and G. Marchiori and
                  F. Milani and G. Spizzo and M. Spolaore and
                  D. Terranova and Vianello, N and A. Alfier and
                  P. Piovesan },
  Booktitle =	 {Proceedings 36th EPS Conference on Plasma Physics},
  Date-Added =	 {2009-11-04 11:30:37 +0100},
  Date-Modified ={2009-11-04 17:11:59 +0100},
  Pages =	 {P2.188},
  Title =	 {Optimization of the RFX-Mod performance at high
                  current},
  Volume =	 {33E},
  Year =	 2009,
  location =	 {Sofia, Bulgaria}
}

@inproceedings{spolaore:eps2009,
  Author =	 {M. Spolaore and G. De Masi and Vianello, N and
                  M. Agostini and R. Cavazzana and R. Lorenzini and
                  E. Martines and B. Momo and P. Scarin and
                  G. Serianni and S. Spagnolo and M. Zuin},
  Booktitle =	 {Proceedings 36th EPS Conference on Plasma Physics,
                  Sofia},
  Date-Added =	 {2009-11-04 11:28:29 +0100},
  Date-Modified ={2009-11-04 11:29:58 +0100},
  Pages =	 {P2.186},
  Title =	 {Parallel and perpendicular flow measurements in the
                  edge region of RFX-mod},
  Volume =	 {33E},
  Year =	 2009,
  location =	 {Sofia, Bulgaria}
}

@inproceedings{agostini:eps2009,
  Author =	 {M. Agostini and P. Scarin and A. Alfier and
                  F. Auriemma and F. Bonomo and R. Cavazzana and
                  V.Cervaro and A.Fassina and M.Gobbin and
                  M.E. Puiatti and G. Serianni and G. Spizzo and
                  M. Spolaore and Vianello, N},
  Booktitle =	 {Proceedings 36th EPS Conference on Plasma Physics},
  Date-Added =	 {2009-11-04 11:24:10 +0100},
  Date-Modified ={2009-11-04 11:25:41 +0100},
  Pages =	 {P2.179},
  Title =	 {Plasma edge properties in different magnetic
                  topologies in the RFX-mod device},
  Volume =	 {33E},
  Year =	 2009,
  location =	 {Sofia, Bulgaria}
}

@inproceedings{spizzo:eps2009,
  Author =	 {G Spizzo and P Scarin and M Agostini and A Alfier
                  and F. Auriemma and S. Cappello and A. Fassina and
                  P. Franz and R. Lorenzini and R. Paccagnella and
                  L. Piron and P. Piovesan and I. Predebon and
                  M.E. Puiatti and M. Valisa and Vianello, N and
                  M. Zuin},
  Booktitle =	 {Proceedings 36th EPS Conference on Plasma Physics},
  Date-Added =	 {2009-11-04 11:17:48 +0100},
  Date-Modified ={2009-11-04 11:19:35 +0100},
  Pages =	 {O2.003},
  Title =	 {Investigation on the relation between edge electric
                  radial field asymmetries in RFX-mod and Greenwald
                  limit},
  Volume =	 {33E},
  Year =	 2009,
  location =	 {Sofia, Bulgaria}
}

@inproceedings{vianello:eps2009-rfx,
  Author =	 {Vianello, N and M. Spolaore and E. Martines and
                  M. Agostini and R. Cavazzana and P. Scarin and
                  G. Serianni and E. Spada and M. Zuin},
  Booktitle =	 {Proceedings 36th EPS Conference on Plasma Physics},
  Date-Added =	 {2009-11-04 11:15:35 +0100},
  Date-Modified ={2009-11-04 11:17:09 +0100},
  Pages =	 {P2.187},
  Title =	 {Current filament structures in the edge region of
                  the RFX-mod device},
  Volume =	 {33E},
  Year =	 2009,
  location =	 {Sofia, Bulgaria}
}

@inproceedings{vianello:eps2009-asdex,
  Author =	 {Vianello, N and R. Schrittwieser and V. Naulin and
                  H.W. M{\"u}ller and M. Zuin and C. Ionita and
                  F. Mehlmann and J.J. Rasmussen and V. Rohde and
                  R. Cavazzana and M. Maraschek and C. Lupu},
  Booktitle =	 {Proceedings 36th EPS Conference on Plasma Physics},
  Date-Added =	 {2009-11-04 11:12:46 +0100},
  Date-Modified ={2009-11-04 11:15:29 +0100},
  Pages =	 {P-1.166},
  Title =	 {Local electromagnetic characterization of type I
                  ELMS on ASDEX Upgrade},
  Volume =	 {33E},
  Year =	 2009,
  location =	 {Sofia, Bulgaria}
}

@inproceedings{piovesan:eps2008,
  Author =	 {P. Piovesan and M. Zuin and A. Alfier and
                  D. Bonfiglio and F. Bonomo and A. Canton and
                  S. Cappello and L. Carraro and R. Cavazzana and
                  M. Gobbin and L. Marrelli and E. Martines and
                  R. Lorenzini and R. Pasqualotto and M. Spolaore and
                  M. Valisa and Vianello, N and P. Zanca},
  Booktitle =	 {Proceedings 35th EPS Conference on Controlled Fusion
                  and Plasma Physics},
  Date-Added =	 {2009-11-04 10:47:26 +0100},
  Date-Modified ={2009-11-04 10:49:19 +0100},
  Pages =	 {O4.029},
  Title =	 {Magnetic order improvement through high current and
                  MHD feedback control in RFX-mod},
  Volume =	 {32D},
  Year =	 2008,
  location =	 {Hersonissos, Greece}
}

@inproceedings{vianello:eps2008,
  Author =	 {Vianello, N and M. Agostini and A.Fassina and
                  A.Canton and R. Lorenzini and A. Alfier and
                  R. Cavazzana and E. Martines and P. Scarin and
                  G. Serianni and G. Spizzo and M. Spolaore and
                  M. Zuin},
  Booktitle =	 {Proceedings 35th EPS Conference on Controlled Fusion
                  and Plasma Physics},
  Date-Added =	 {2009-11-04 10:45:18 +0100},
  Date-Modified ={2009-11-04 10:47:15 +0100},
  Pages =	 {O4.049},
  Title =	 {Turbulence, transport and their relation with the
                  magnetic boundary in the RFX-mod device},
  Volume =	 {32D},
  Year =	 2008,
  location =	 {Hersonissos, Greece}
}

@inproceedings{agostini:eps2007,
  Author =	 {M. Agostini and R. Cavazzana and F. Sattin and
                  P. Scarin and G. Serianni and M Spolaore and
                  Vianello, N},
  Booktitle =	 {Proceedings 34th EPS Conference on Controlled Fusion
                  and Plasma Physics},
  Date-Added =	 {2009-11-04 10:41:53 +0100},
  Date-Modified ={2009-11-04 10:44:23 +0100},
  Pages =	 {P2.044},
  Title =	 {Characterisation of 2-dimensional edge turbulence of
                  RFX-mod experiment},
  Volume =	 {31F},
  Year =	 2007,
  location =	 {Warsaw, Poland}
}

@inproceedings{zuin:eps2007,
  Author =	 {M. Zuin and Vianello, N and M.Spolaore and
                  T. Bolzonella and R. Cavazzana and E. Martines and
                  D. Terranova and G. Serianni and E. Spada and
                  V. Antoni},
  Booktitle =	 {Proceedings 34th EPS Conference on Controlled Fusion
                  and Plasma Physics},
  Date-Added =	 {2009-11-04 10:37:55 +0100},
  Date-Modified ={2009-11-04 10:41:45 +0100},
  Pages =	 {P1.118},
  Title =	 {Fast dynamics of relaxation event in RFX-mod device},
  Volume =	 {31F},
  Year =	 2007,
  location =	 {Warsaw, Poland}
}

@inproceedings{ep30structures,
  Author =	 {M. Spolaore and V. Antoni and H. Bergs{\aa}ker and
                  R. Cavazzana and J. Drake and E. Martines and
                  G. Regnoli and G. Serianni and E. Spada and
                  Vianello, N},
  Booktitle =	 {Proceedings 30th EPS Conference on Contr. Fusion and
                  Plasma Physics},
  Date-Modified ={2009-12-14 15:05:57 +0100},
  Number =	 {27A},
  Organization = {European Physical Society},
  Pages =	 {P-2.158},
  Title =	 {Features of Electrostatic Structures in Reversed
                  Field Pinch Edge Region},
  Year =	 2003,
  location =	 {St. Petersburg, Russia}
}

@inproceedings{eps30tae,
  Author =	 {G. Regnoli and H. Bergs{\aa}ker and E. Tennfors and
                  F. Zonca and E. Martines and M. Spolaore and
                  Vianello, N and G. Serianni and M. Cecconello and
                  J-A. Malmberg and V. Antoni},
  Booktitle =	 {Proocedings 30th EPS Conference on Contr. Fusion and
                  Plasma Physics},
  Date-Modified ={2009-12-14 15:06:16 +0100},
  Number =	 {27A},
  Organization = {European Physical Society},
  Pages =	 {P-2.167},
  Title =	 {Observations of Toroidicity-Induced Alfv{\`e}n
                  Eigenmodes (TAE) in a RFP Plasma},
  Year =	 2003,
  location =	 {St. Petersburg, Russia}
}

@inproceedings{eps31tpe,
  Author =	 {G. Regnoli and Vianello, N and Y. Yagi and
                  E. Martines and G. Serianni and V. Antoni and H. Ji},
  Booktitle =	 {Proceedings 31st EPS Conference on Plasma Physics},
  Number =	 {28B},
  Organization = {European Physical Society},
  Pages =	 {P-2.109},
  Title =	 {Fast Electrons and Intermittent Events in the RFP
                  Device TPE-1RM20},
  Year =	 2004,
  location =	 {London, UK}
}

@inproceedings{eps27balance,
  Author =	 {L. Tramontin and V. Antoni and M. Bagatin and
                  L. Carraro and R. Cavazzana and D. Desideri and
                  A. De Lorenzi and L. Garzotti and P. Innocente and
                  R. Lorenzini and E. Martines and R. Pasqualotto and
                  G. Serianni and M. Spolaore and Vianello, N},
  Booktitle =	 {Proceedings 27th EPS Conference on Contr.Fusion and
                  Plasma Physics},
  Date-Modified ={2009-11-04 18:02:10 +0100},
  Number =	 {24B},
  Organization = {European Physical Society},
  Pages =	 1368,
  Title =	 {Particle and Momentum Balance During Edge Biasing in
                  RFX},
  Year =	 2000,
  location =	 {Budapest}
}

@inproceedings{eps31momentum,
  Author =	 {Vianello, N and E. Spada and V. Antoni and
                  M. Spolaore and G. Serianni and G. Regnoli and
                  R. Cavazzana and E. Martines and H. Begsaker and
                  J. R. Drake},
  Booktitle =	 {Proceedings 31st EPS Conference on Plasma Physics},
  Number =	 {28B},
  Organization = {European Physical Society},
  Pages =	 {P-2.110},
  Title =	 {Turbulence and Plasma Flow Self-Organisation in a
                  Reversed Field Pinch Configuration},
  Year =	 2004,
  location =	 {London, UK}
}

@inproceedings{32epsGpiTpe,
  Author =	 {Y. Yagi and H. Koguchi and S. Kiyama and H. Sakakita
                  and Y. Hirano and R. Cavazzana and P. Scarin and
                  G. Serianni and M. Agostini and Vianello, N and
                  V. Antoni},
  Booktitle =	 {Proceedings 32th EPS Conference in Plasma Physics
                  Contr. Fusion},
  Organization = {European Physical Society},
  Pages =	 {P-1.046},
  Title =	 {First results of the Gas Puffing Imaging Diagnostic
                  in a reversed-field pinch plasma},
  Volume =	 {29C},
  Year =	 2005,
  location =	 {Tarragona, Spain}
}

@inproceedings{32epsGpiRFX,
  Author =	 {R. Cavazzana and P. Scarin and G. Serianni and
                  M. Agostini and Vianello, N},
  Booktitle =	 {Proceedings 32th EPS Conference in Plasma Physics
                  Contr. Fusion},
  Organization = {European Physical Society},
  Pages =	 {P-1.073},
  Title =	 {Optical Investigation of Edge Turbulence on RFX-mod},
  Volume =	 {29C},
  Year =	 2005,
  location =	 {Tarragona, Spain}
}

@inproceedings{32epsMHD,
  Author =	 {T. Bolzonella and D. Terranova and P. Zanca and
                  M. Zuin and R. Cavazzana and L. Grando and
                  E. Martines and N. Pomaro and G. Serianni and
                  Vianello, N},
  Booktitle =	 {Proceedings 32th EPS Conference in Plasma Physics
                  Contr. Fusion},
  Organization = {European Physical Society},
  Pages =	 {P-1.107},
  Title =	 {Overview of global MHD behaviour in the RFX-mod
                  Reversed Field Pinch},
  Volume =	 {29C},
  Year =	 2005,
  location =	 {Tarragona, Spain}
}

@inproceedings{32epsMHDIsis,
  Author =	 {E. Martines and V. Antoni and T. Bolzonella and
                  R. Cavazzana and N. Pomaro and G. Regnoli and
                  G. Serianni and M. Spolaore and Vianello, N and
                  M. Zuin},
  Booktitle =	 {Proceedings 32th EPS Conference in Plasma Physics
                  Contr. Fusion},
  Organization = {European Physical Society},
  Pages =	 {P-4.028},
  Title =	 {High frequencye magnetic field fluctuations measured
                  on the RFX-mod experiment with internal coils},
  Volume =	 {29C},
  Year =	 2005,
  location =	 {Tarragona, Spain}
}

@inproceedings{32epsElIsis,
  Author =	 {G. Serianni and M. Spolaore and Vianello, N and
                  R. Cavazzana and E. Martines and N. Pomaro and
                  M. Zuin and M. Agostini and M. Bagatin and
                  V. Antoni},
  Booktitle =	 {Proceedings 32th EPS Conference in Plasma Physics
                  Contr. Fusion},
  Organization = {European Physical Society},
  Pages =	 {P-4.030},
  Title =	 {Electrostatic turbulence in the edge region of
                  RFX-mod},
  Volume =	 {29C},
  Year =	 2005,
  location =	 {Tarragona, Spain}
}

@inproceedings{32epsall,
  Author =	 {S.Martini and P.Innocente and M. Agostini and
                  A. Alfier and V. Antoni and L. Apolloni and
                  F. Auriemma and M. Bagatin and W. Baker and
                  O. Barana and F. Basso and P. Bettini and
                  T. Bolzonella and D. Bonfiglio and F.Bonomo and
                  A. Buffa and A. Canton and S. Cappello and
                  L. Carraro R. Cavazzana and M. Cavinato and
                  G. Chitarin and A. Cravotta and F. S. Dal Bello and
                  M. Dalla Palma and A. De Lorenzi and L. De Pasqual
                  and D. Desideri and D.F. Escande and P. Franz and
                  G. Gadani and E. Gaio and L. Garzotti and E. Gazza
                  and L. Giudicotti and F. Gnesotto and M. Gobbin and
                  L. Grando and S.C. Guo and R. Lorenzini and
                  A. Luchetta and G. Malesani and G. Manduchi and
                  G. Marchiori and D. Marcuzzi and L. Marrelli and
                  P. Martin and E. Martines and S. Martini and
                  A. Masiello and F. Milani and M. Moresco and
                  A. Murari and P. Nielsen and S. Ortolani and
                  R. Paccagnella and R. Pasqualotto and S. Peruzzo and
                  R. Piovan and P. Piovesan and I. Predebon and
                  N. Pomaro and M.E. Puiatti and G. Rostagni and
                  F. Sattin and P. Scarin and V. Schmidt and
                  G. Serianni and P. Sonato and E. Spada and G. Spizzo
                  and M. Spolaore and C. Taccon and C. Taliercio and
                  D. Terranova and V. Toigo and M.Valisa and Vianello,
                  N and P. Zaccaria and P. Zanca and B. Zaniol and
                  L. Zanotto and E. Zilli and G. Zollino and M. Zuin},
  Booktitle =	 {Proceedings 32th EPS Conference in Plasma Physics
                  Contr. Fusion},
  Date-Modified ={2009-12-14 15:07:58 +0100},
  Organization = {European Physical Society},
  Pages =	 {P-5.054},
  Title =	 {First results on the Reversed Field Pinch plasmas
                  with new magnetic boundary},
  Volume =	 {29C},
  Year =	 2005,
  location =	 {Tarragona, Spain}
}

@inproceedings{33epsvianello,
  Author =	 {Vianello, N and E. Spada and R. Cavazzana and
                  E. Martines and G. Serianni and M. Spolaore and
                  M. Zuin and V. Antoni},
  Booktitle =	 {Proceedings 33d EPS Conference in Plasma Physics
                  Contr. Fusion},
  Organization = {European Physical Society},
  Pages =	 {P-5.085},
  Title =	 {Turbulent energy transfer in the RFX-Mod device},
  Volume =	 {30I},
  Year =	 2006,
  location =	 {Rome, Italy}
}

@inproceedings{33epszuin,
  Author =	 {M. Zuin and E. Martines and G. Serianni and
                  T. Bolzonella and R. Cavazzana and Vianello, N and
                  M. Spolaore and V. Antoni},
  Booktitle =	 {Proceedings 33rd EPS Conference in Plasma Physics
                  Contr. Fusion},
  Pages =	 {P-5.091},
  Title =	 {Investigation of high frequencye magnetic
                  fluctuations in the RFX-mod device},
  Volume =	 {30I},
  Year =	 2006,
  location =	 {Rome, Italy}
}

@inproceedings{33epssattin,
  Author =	 {F. Sattin and P. Scarin and M. Agostini and
                  R. Cavazzana and G. Serianni and M. Valisa and
                  Vianello, N and Y. Yagi and H. Koguchi and S. Kyiama
                  and H. Sakakita and Y. Hirano},
  Booktitle =	 {Proceedings 33rd EPS Conference in Plasma Physics
                  Contr. Fusion},
  Pages =	 {P-5.093},
  Title =	 {Statistical features of edge turbulence in the
                  TPE-RX and RFX-mod from gas puffing imaging},
  Volume =	 {30I},
  Year =	 2006,
  location =	 {Rome, Italy}
}

@inproceedings{antoni:eps2001,
  Author =	 {V. Antoni and V. Carbone and R. Cavazzana and
                  L. Fattorini and E. Martines and G. Regnoli and
                  G. Serianni and E. Spada and M. Spolaore and
                  L. Tramontin and Vianello, N},
  Booktitle =	 {Proceedings 28th EPS Conference on Controlled Fusion
                  and Plasma Physics},
  Number =	 {{P4.028}},
  Organization = {European Physical Society},
  Pages =	 {{1573}},
  Title =	 {{Bursty fluctuation events in magnetically confined
                  plasmas: avalanche-like SOC processes or MHD
                  turbulence?}},
  Volume =	 {25A},
  Year =	 2001,
  location =	 {Funchal, Portugal}
}

@inproceedings{henric:eps2001,
  Author =	 {H. Bergs{\aa}ker and V. Antoni and P. Brunsell and
                  J.R. Drake and G. Serianni andM. Spolaore and
                  H.E. S{\"a}therblom and Vianello, N},
  Booktitle =	 {Proceedings 28th EPS Conference on Controlled Fusion
                  and Plasma Physics},
  Number =	 {{P4.098}},
  Organization = {European Physical Society},
  Pages =	 {{1685}},
  Title =	 {{Turbulence and plasma rotation in the edge region
                  of EXTRAP-T2R}},
  Volume =	 {25A},
  Year =	 2001,
  location =	 {Funchal, Portugal}
}

@inproceedings{vianello:eps2001,
  Author =	 {Vianello, N and G. Regnoli and V. Antoni and
                  V. Carbone and E. Martines and G. Serianni and
                  P. Veltri},
  Booktitle =	 {Proceedings 28th EPS Conference on Controlled Fusion
                  and Plasma Physics},
  Number =	 {{P4.099}},
  Organization = {European Physical Society},
  Title =	 {{ Electrostatic turbulence intermittency driven by
                  MHD relaxation phenomena in a RFP plasma}},
  Volume =	 {25A},
  Year =	 2001,
  location =	 {Funchal, Portugal}
}

@inproceedings{serianni:icpp2001,
  Author =	 {G. Serianni and V. Antoni and F. Paganucci and
                  P. Rossetti and M. Spolaore and Vianello, N and
                  M. Bagatin and M. Andrenucci},
  Booktitle =	 {Proceedings of XXV International Conference on
                  Phenomena in Ionised Gases, Nagoya, Giappone},
  Organization = {Nagoya University},
  Pages =	 311,
  Title =	 {Electron temperature measurements in a
                  magneto-plasma-dynamic thruster},
  Volume =	 {I},
  Year =	 2001
}

@inproceedings{antoni:iaea2000,
  Author =	 {V. Antoni and M. Valisa and L. Apolloni and
                  M. Bagatin and W. Baker and O. Barana and
                  R. Bartiromo and P. Bettini and A. Boboc and
                  T.Bolzonella and A. Buffa and A. Canton and
                  S. Cappello and L. Carraro and R. Cavazzana and
                  G. Chitarin and S. Costa and F. D'Angelo and S. Dal
                  Bello and A. De Lorenzi and D. Desideri and
                  D. Escande and L. Fattorini and P. Fiorentin and
                  P. Franz and E. Gaio and L. Garzotti and
                  L. Giudicotti and F. Gnesotto and L. Grando and
                  S.C. Guo and P. Innocente and A. Intravaia and
                  R. Lorenzini and A. Lucchetta and G. Malesani and
                  G. Manduchi and G. Marchiori and L. Marrelli and
                  P. Martin and E. Martines and S. Martini and
                  A. Maschio and A. Masiello andF. Milani and
                  M. Moresco and A. Murari and P. Nielsen and
                  M. O'Gorman and S. Ortolani and R. Paccagnella and
                  R. Pasqualotto and B. P\'egurie and S. Peruzzo and
                  R. Piovan and N. Pomaro and A. Ponno and G. Preti
                  and M.E. Puiatti and G. Rostagni and F. Sattin and
                  P. Scarin and G. Serianni and P. Sonato and E. Spada
                  and G. Spizzo and M. Spolaore and C. Taliercio and
                  G. Telesca and D. Terranova and V. Toiogo and
                  L. Tramontin and Vianello, N and M. Viterbo and
                  L. Zabeo and P. Zaccaria and P. Zanca and B. Zaniol
                  and L. Zanotto and E. Zilli and G. Zollino},
  Booktitle =	 {Proceedings of the 18th IAEA Fusion Energy
                  Conference},
  Number =	 {{IAEA-F1-CN-77/EXP5/09}},
  Title =	 {Transport Mechanisms and Enhanced Confinement
                  Studies in RFX},
  Year =	 2000,
  location =	 {Sorrento, Italy}
}

@inproceedings{martin:iaea2000,
  Author =	 {P. Martin and S. Martini and V. Antoni and
                  L. Apolloni and M. Bagatin and W.Baker and O. Barana
                  and R. Bartiromo and P. Bettini and A. Boboc and
                  T.Bolzonella and A. Buffa and A. Canton and
                  S. Cappello and L. Carraro and R. Cavazzana and
                  G. Chitarin and S. Costa and F. D'Angelo and S. Dal
                  Bello and A. De Lorenzi and D. Desideri and
                  D. Escande and L. Fattorini and P. Fiorentin and
                  P. Franz and E. Gaio and L. Garzotti and
                  L. Giudicotti and F. Gnesotto and L. Grando and
                  S.C. Guo and P. Innocente and A. Intravaia and
                  R. Lorenzini and A. Lucchetta and G. Malesani and
                  G. Manduchi and G. Marchiori and L. Marrelli and
                  P. Martin and E. Martines and S. Martini and
                  A. Maschio and A. Masiello andF. Milani and
                  M. Moresco and A. Murari and P. Nielsen and
                  M. O'Gorman and S. Ortolani and R. Paccagnella and
                  R. Pasqualotto and B. P\'egurie and S. Peruzzo and
                  R. Piovan and N. Pomaro and A. Ponno and G. Preti
                  and M.E. Puiatti and G. Rostagni and F. Sattin and
                  P. Scarin and G. Serianni and P. Sonato and E. Spada
                  and G. Spizzo and M. Spolaore and C. Taliercio and
                  G. Telesca and D. Terranova and V. Toiogo and
                  L. Tramontin and Vianello, N and M. Viterbo and
                  L. Zabeo and P. Zaccaria and P. Zanca and B. Zaniol
                  and L. Zanotto and E. Zilli and G. Zollino},
  Booktitle =	 {Proceedings of the 18th IAEA Fusion Energy
                  Conference},
  Number =	 {IAEA-F1-CN-77/EX3/5},
  Title =	 {New Insights into MHD Dynamics of Magnetically
                  Confined Plasmas from Experiments in RFX},
  Year =	 2000,
  location =	 {Sorrento, Italy}
}

@inproceedings{spolaore:eps2002,
  Author =	 {M. Spolaore and V. Antoni and H. Bergs{\aa}ker and
                  R. Cavazzana and J.R. Drake and E. Martines and
                  G. Regnoli and G. Serianni and E. Spada and
                  Vianello, N},
  Booktitle =	 {Proceedings 29th EPS Conference on Controlled Fusion
                  and Plasma Physics},
  Organization = {Eurpean Physical Society},
  Pages =	 {{O3.25}},
  Title =	 {Intermittent events and electrostatic structures in
                  the edge region of reversed field pinch experiments},
  Year =	 2002,
  location =	 {Montreux, Switzerland}
}

@inproceedings{vianello:eps2002,
  Author =	 {Vianello, N and V. Antoni and F. Paganucci and
                  G. Serianni and M. Zuin and R. Cavazzana and
                  M. Spolaore and P. Rossetti and M. Bagatin and
                  M. Andrenucci},
  Booktitle =	 {Proceedings 29th EPS Conference on Controlled Fusion
                  and Plasma Physics},
  Organization = {Eurpean Physical Society},
  Pages =	 {{P4.026}},
  Title =	 {Electrostatic fluctuations in a
                  magneto-plasma-dynamics (MPD) thruster},
  Year =	 2002,
  location =	 {Montreux, Switzerland}
}

@inproceedings{spolaore:eps2006,
  Author =	 {M. Spolaore and Vianello, N and R. Cavazzana and
                  E. Martines and G. Serianni and E. Spada and M. Zuin
                  and P. Scarin and M. Agostini and V. Antoni},
  Booktitle =	 {Proceedings 33th EPS Conference on Controlled Fusion
                  and Plasma Physics},
  Organization = {Eurpean Physical Society},
  Pages =	 {{P5.097}},
  Title =	 {Electrostatic and magnetic structure in the edge
                  region of RFX-mod experiment},
  Volume =	 {{30I}},
  Year =	 2006,
  location =	 {Rome, Italy},
  ISBN =	 {2-914771-40-1}
}

@inproceedings{Fasoli:2011tm,
  author =	 {Fasoli, A and Bovet, A and Furno, I and Gustafson, K
                  and Iraji, D and Labit, B and Lancon, D and Loizu, J
                  and Ricci, P and Theiler, C and Spolaore, M and
                  Vianello, N and Cavazzana, R},
  title =	 {{Overview of Turbulence and Transport Studies in the
                  TORPEX Simple Magnetized Plasmas}},
  booktitle =	 {Proceedings 38th EPS Conference on Plasma Physics},
  year =	 2011,
  pages =	 {P1.003},
  location =	 {Strasbourg, France}
}

@inproceedings{Scaggion:2011wy,
  author =	 {Scaggion, A and Agostini, M and Carraro, L and
                  Fassina, A and Lorenzini, R and Momo, B and
                  Munaretto, S and Puiatti, M E and Spizzo, G and
                  Valisa, M and Vianello, N},
  title =	 {{Characterization of external electron temperature
                  profiles in the RFX-mod Reversed Field Pinch}},
  booktitle =	 {Proceedings 38th EPS Conference on Plasma Physics},
  year =	 2011,
  pages =	 {P5.059},
  location =	 {Strasbourg, France}
}

@inproceedings{Spolaore:2011wm,
  author =	 {Spolaore, M and Agostini, M and Bonfiglio, D and
                  Bonomo, F and Cappello, S and Carraro, L and de
                  Masi, G and Escande, D F and Gobbin, M and
                  Innocente, P and Marrelli, L and Martines, E and
                  Momo, B and Piovesan, P and Scarin, P and Spizzo, G
                  and Vianello, N and Zaniol, B},
  title =	 {{Helical flow in the RFX-mod Reversed Field Pinch
                  experiment}},
  booktitle =	 {Proceedings 38th EPS Conference on Plasma Physics},
  year =	 2011,
  pages =	 {P5.081},
  location =	 {Strasbourg, France}
}

@inproceedings{Zuin:2011wl,
  author =	 {Zuin, M and Spagnolo, S and Auriemma, F and
                  Cavazzana, R and de Masi, G and Momo, B and
                  Martines, E and Scarin, P and Schneider, W and
                  Spolaore, M and Vianello, N},
  title =	 {{Alfv{\'e}n Eigenmodes and Magnetic reconnection in
                  the RFX-mod reversed-field pinch plasma}},
  booktitle =	 {Proceedings 38th EPS Conference on Plasma Physics},
  year =	 2011,
  pages =	 {P5.135},
  location =	 {Strasbourg, France}
}

%% Created using Papers on Fri, 13 Jul 2012.
%% http://mekentosj.com/papers/

@inproceedings{Agostini:2012wy,
  author =	 {Agostini, Matteo and Carraro, L and Cavazzana, R and
                  de Masi, G and Scaggion, A and Scarin, P and
                  Spolaore, Monica and Vianello, N and Zaniol, B},
  title =	 {{Interaction between turbulence and electron
                  profiles in the RFX-mod helical plasma edge}},
  booktitle =	 {Proceedings 39th EPS Conference on Plasma Physics,
                  Stockholm, Sweden},
  year =	 2012,
  pages =	 {P1.037},
  location =	 {Stocholm, Sweden},
  month =	 jul
}

@inproceedings{Spagnolo:2012vr,
  author =	 {Spagnolo, S and Zuin, M and Predebon, I and Sattin,
                  F and Auriemma, F and Cavazzana, R and Fassina, A
                  and Paccagnella, R and Martines, E and Spolaore,
                  Monica and Veranda, M and Vianello, N},
  title =	 {{Observations of rhoi-scale wavelength instabilities
                  in the microtearing frequency range in RFX-mod
                  plasma}},
  booktitle =	 {Proceedings 39th EPS Conference on Plasma Physics,
                  Stockholm, Sweden},
  year =	 2012,
  pages =	 {P1.047},
  month =	 jul
}

@inproceedings{Momo:2012tp,
  author =	 {Momo, B and de Masi, G and Auriemma, F and
                  Cavazzana, R and Fassina, A and Marrelli, L and
                  Martines, E and Munaretto, S and Piovesan, P and
                  Spizzo, Gianluca and Vianello, N and Zanca, P},
  title =	 {{Magnetic topology and role of the m=0 islands in
                  the plasma-wall interaction in RFX-mod}},
  booktitle =	 {Proceedings 39th EPS Conference on Plasma Physics,
                  Stockholm, Sweden},
  year =	 2012,
  pages =	 {P4.061},
  month =	 jul
}

@inproceedings{deMasi:2012ub,
  author =	 {de Masi, G and Agostini, Matteo and Auriemma, F and
                  Cavazzana, R and Martines, E and Momo, B and Scarin,
                  P and Spolaore, Monica and Spizzo, Gianluca and
                  Vianello, N and Zuin, M},
  title =	 {{Edge flow and radiation in Helium discharges in
                  RFX}},
  booktitle =	 {Proceedings 39th EPS Conference on Plasma Physics,
                  Stockholm, Sweden},
  year =	 2012,
  pages =	 {P5.003},
  month =	 jul
}

@inproceedings{Mehlmann:2012vl,
  author =	 {Mehlmann, F and Schrittwieser, Roman W and Naulin,
                  Volker and Rasmussen, J J and Muller, H W and
                  Ionita, C and Nielsen, A and Vianello, N and Rohde,
                  V},
  title =	 {{Radial transport of poloidal momentum in ASDEX
                  Upgrade in L-mode and H-mode}},
  booktitle =	 {Proceedings 39th EPS Conference on Plasma Physics,
                  Stockholm, Sweden},
  year =	 2012,
  pages =	 {P2.090},
  location =	 {Stockholm, Sweden}
}


%% Created using Papers on Fri, 19 Jul 2013.
%% http://papersapp.com/papers/

@inproceedings{DeMasi:2013wn,
  author =	 {De Masi, G and Martines, E and Auriemma, F and
                  Cavazzana, R and Momo, B and Rea, C and Spagnolo, S
                  and Spizzo, Gianluca and Spolaore, P and Vianello, N
                  and Zuin, M},
  title =	 {{The role of the magnetic topology in the Reversed
                  Field Pinch edge physics}},
  booktitle =	 {Proceedings of the 40th EPS Conference on Plasma
                  Physics},
  year =	 2013,
  pages =	 {O2.105},
  location =	 {Helsinki, Finland}
}

@inproceedings{Ciaccio:2013ww,
  author =	 {Ciaccio, G and Schmitz, O and Agostini, Matteo and
                  Puiatti, M E and Scarin, P and Spizzo, Gianluca and
                  Vianello, N and White, R B},
  title =	 {{Comparison of edge island transport in tokamaks and
                  RFPs}},
  booktitle =	 {Proceedings of the 40th EPS Conference on Plasma
                  Physics},
  year =	 2013,
  pages =	 {P1.107},
  location =	 {Helsinki, Finland}
}

@inproceedings{Solano:2013ui,
  author =	 {Solano, Emilia R. and Vianello, N and Buratti, P and
                  Alper, B and Coelho, R and Delabie, E and Devaux, S
                  and Dodt, D and Figueiredo, A and Frassinetti, L and
                  Howell, D and Lerche, E and Maggi, C F and
                  Manzanares, A and Martin, A and Morrison, P J and
                  Marsen, S and Mccormick, K and Nunes, I and Refy, D
                  and Rimini, F and Sirinelli, A and Sieglin, B. and
                  Zoletnik, S},
  title =	 {{M-mode: axi-symmetric magnetic oscillation and
                  ELM-less H-mode in JET}},
  booktitle =	 {Proceedings of the 40th EPS Conference on Plasma
                  Physics},
  year =	 2013,
  pages =	 {P4.111},
  location =	 {Helsinki, Finland}
}

@inproceedings{Spolaore:2013tq,
  author =	 {Spolaore, Monica and Vianello, N and Martines, E and
                  Cavazzana, R and De Masi, G and Momo, B and
                  Spagnolo, S and Zuin, M},
  title =	 {{Edge features of RFX-mod experiment operated in
                  tokamak configuration}},
  booktitle =	 {Proceedings of the 40th EPS Conference on Plasma
                  Physics},
  year =	 2013,
  pages =	 {P5.181},
  location =	 {Helsinki, Finland}
}

@inproceedings{Mehlmann:2013vo,
  author =	 {Mehlmann, F and Costea, S and Naulin, Volker and
                  Rasmussen, J J and M{\"u}ller, HW and Nielsen, A H
                  and Vianello, N and Carralero, D and Rohde, V and
                  Lux, C and Schrittwieser, Roman W and Ionita, C},
  title =	 {{On the determination of the poloidal velocity and
                  the shear layer in theSOL of ASDEX Upgrade}},
  booktitle =	 {Proceedings of the 40th EPS Conference on Plasma
                  Physics},
  year =	 2013,
  pages =	 {P5.187},
  location =	 {Helsinki, Finland}
}




%% Created using Papers on Tue, 23 Oct 2012.
%% http://mekentosj.com/papers/

@inproceedings{Spizzo:2012vk,
  author =	 {Spizzo, Gianluca and White, R B and Agostini, Matteo
                  and Scarin, P and Vianello, N},
  title =	 {{Ambipolar edge electric field with energy
                  dependence}},
  booktitle =	 {Bullettin of the American Physical Society, 54th
                  Annual meeting of the APS Division of Plasma
                  Physics},
  year =	 2012,
  pages =	 {JP8.00169},
  location =	 {Providence, Rhode Island}
}

@inproceedings{Spolaore:2012wm,
  author =	 {Spolaore, Monica and Vianello, N and Agostini,
                  Matteo and Cavazzana, R and de Masi, G and Martines,
                  E and Momo, B and Scaggion, A and Scarin, P and
                  Spagnolo, S and Spizzo, Gianluca and Zuin, M and
                  Furno, I and Avino, F and Fasoli, A and Theiler, C
                  and Carralero, D and Alonso, A and Hidalgo, C},
  title =	 {{Inter-machine scalings of plasma filament
                  electromagnetic features}},
  booktitle =	 {Bullettin of the American Physical Society, 54th
                  Annual meeting of the APS Division of Plasma
                  Physics},
  year =	 2012,
  pages =	 {TP8.00040},
  location =	 {Providence, Rhode Island}
}

@inproceedings{Zuin:2012wu,
  author =	 {Zuin, M and Spagnolo, S and Predebon, I and Sattin,
                  F and Auriemma, F and Cavazzana, R and Fassina, A
                  and Martines, E and Paccagnella, R and Spolaore,
                  Monica and Vianello, N},
  title =	 {{Experimental Observation of Microtearing Modes in
                  the RFX-mod Reversed Field Pinch Plasma}},
  booktitle =	 {Bullettin of the American Physical Society, 54th
                  Annual meeting of the APS Division of Plasma
                  Physics},
  year =	 2012,
  pages =	 {CO7.00009},
  location =	 {Providence, Rhode Island}
}

@inproceedings{Vianello:2012uh,
  author =	 {Vianello, N and Agostini, Matteo and Carraro, L and
                  Cavazzana, R and De Masi, G and Martines, E and
                  Momo, B and Scarin, P and Spagnolo, S and Spizzo,
                  Gianluca and Spolaore, Monica and Zuin, M},
  title =	 {{3D Effects on RFX-mod helical boundary region}},
  booktitle =	 {24th IAEA Fusion Energy Conference},
  year =	 2012,
  pages =	 {{EX/P8-02}},
  location =	 {San Diego, CA, USA}
}

@InProceedings{vianello:dpp2006,
  author =	 {Vianello, N and Spada, E and Cavazzana, R and
                  Martines, E and Serianni, G and Spolaore, M and
                  Zuin, M and Antoni, V},
  title =	 {Turbulent flow and energy transfer in the RFX-Mod
                  device},
  booktitle =	 {Bullettin of the American Physical Society, 48th
                  Annual meeting of the APS Division of Plasma
                  Physics},
  year =	 2006,
  pages =	 {UP1.00053},
  location =	 {Philadelphia, PN, USA},
  url =		 {http://meetings.aps.org/link/BAPS.2006.DPP.UP1.53}
}

@InProceedings{vianello:dpp2010,
  author =	 {Vianello, N and Spolaore, M and De Masi, G and
                  Agostini, M and Bonfiglio, D and Cavazzana, R and
                  Lorenzini, R and Martines, E and Momo, B and Scarin,
                  P and Spagnolo, S and Zuin, M},
  title =	 {Flow, magnetic topology and transport in the edge
                  region of RFX-mod device},
  booktitle =	 {Bullettin of the American Physical Society, 52th
                  Annual meeting of the APS Division of Plasma
                  Physics},
  year =	 2010,
  pages =	 {GO4.00010},
  location =	 {Chicago, IL, USA},
  url =		 {http://meetings.aps.org/link/BAPS.2010.DPP.G04.10}
}

@InProceedings{vianello:dpp2010b,
  author =	 {Vianello, N and Spolaore, M and Martines, E and
                  Agostini, M and Cavazzana, R and Scarin, P and Zuin,
                  M and Naulin, V and Rasmussen, J J and
                  Schrittwieser, R and Ionita, C and M{\"u}ller, H W
                  and Rhode, V and Furno, I and Theiler, C},
  title =	 {Current filaments in magnetized plasmas},
  booktitle =	 {Bullettin of the American Physical Society, 52th
                  Annual meeting of the APS Division of Plasma
                  Physics},
  year =	 2010,
  pages =	 {XP9.00008},
  location =	 {Chicago, IL, USA},
  url =		 {http://meetings.aps.org/link/BAPS.2010.DPP.XP9.8}
}

@inproceedings{gnesotto:iaea2004,
  author =	 {Gnesotto, F and Luchetta, A and Marchiori, G and
                  Piovan, R and Sonato, P and Alfier, A and Antoni, V
                  and Apolloni, L and Bagatin, M and Baker, W and
                  Barana, O and Basso, F and Bettella, D and Bettini,
                  P and Bolzonella, T and Bonfiglio, D and Buffa, A
                  and Canton, A and Cappello, S and Carraro, L and
                  Cavazzana, R and Cavinato, Mario and Chitarin, G and
                  Cravota, A and Dangelo, F and Bello, S Dal and
                  Palma, M Dalla and de Lorenzi, A and de Pasqual, L
                  and Desideri, D and Escande, DF and Fiorentin, P and
                  Franz, P and Frassinetti, L and Gadani, G and Gaio,
                  E and Garzotti, L and Gazza, E and Giudicotti, L and
                  Grando, L and Guo, SC and Innocente, P and
                  Lorenzini, R and Malesani, G and Manduchi, G and
                  Marcuzzi, D and Marrelli, L and Martin, P and
                  Martines, E and Martini, S and Masiello, A and
                  Milani, F and Moresco, M and Murari, A and Nielsen,
                  P and Ortolani, S and Paccagnella, R and
                  Pasqualotto, R and Peruzzo, S and Pivesan, P and
                  Pomaro, N and Puiatti, ME and Regnoli, G and
                  Rostagni, G and Sattin, F and Schmidt, V and Scarin,
                  P and Spada, G Serianni adn E and Spizzo, Gianluca
                  and Spolaore, Monica and Taliercio, C and Terranova,
                  D and Toigo, V and Valisa, M and Vianello, N and
                  Zacaria, P and Zanca, P and Zaniol, B and Zanotto, L
                  and Zilli, E and Zollino, G and Zuin, M},
  title =	 {{RFX: new tools for real-time MHD control}},
  booktitle =	 {Proceedings 20nd IAEA Fusion Energy Conference},
  year =	 2004,
  pages =	 {FT/P7--9},
  location =	 {Villamoura, Portugal},
  ISBN =	 {92-0-100405-2}
}

@inproceedings{valisa:iaea2004,
  author =	 {Valisa, M and Auriemma, F and Canton, A and Carraro,
                  L and Lorenzini, R and Ortolani, S and Paccagnella,
                  R and Puiatti, ME and Sattin, F and Scarin, P and
                  Spizzo, Gianluca and Spolaore, Monica and Vianello,
                  N and Alfier, A and Antoni, V and Apolloni, L and
                  Bagatin, M and Baker, W and Barana, O and Basso, F
                  and Bettella, D and Bettini, P and Bolzonella, T and
                  Bonfiglio, D and Buffa, A and Cappello, S and
                  Cavazzana, R and Cavinato, Mario and Chitarin, G and
                  Cravotta, A and Dangelo, F and Bello, S Dal and
                  Palma, M Dalla and de Lorenzi, A and de Pasqual, L
                  and Desideri, D and Escande, DF and Fiorentin, P and
                  Franz, P and Frassinetti, L and Gadani, G and Gaio,
                  E and Garzotti, L and Gazza, E and Giudicotti, L and
                  Gnesotto, F and Grando, L and Guo, SC and Innocente,
                  P and Lucchetta, A and Malesani, G and {Masiello}
                  and Milani, F and Moresco, M and Murari, A and
                  Nielsen, P and Pasqualotto, R and Peruzzo, S and
                  Piovan, R and Pomaro, P Piovesan an N and Regnoli, G
                  and Rostagni, G and Schmidt, V and Serianni, G and
                  Sonato, P and Spada, E and Taliercio, C and
                  Terranova, D and Toigo, V and Zaccaria, P and Zanca,
                  P and Zaniol, B and Zanotto, L and Zilli, E and
                  Zollino, G and Zuin, M},
  title =	 {{The Greenwald density limit in the Reversed Field
                  Pinch}},
  booktitle =	 {Proceedings 20nd IAEA Fusion Energy Conference},
  year =	 2004,
  pages =	 {EX/P4--13},
  location =	 {Villamoura, Portugal},
  ISBN =	 {92-0-100405-2}
}

@inproceedings{antoni:iaea2004,
  author =	 {Antoni, V and Cavazzana, R and Martines, E and
                  Serianni, G and Spada, E and Spolaore, Monica and
                  Vianello, N and Drake, JR and Bergs{\aa}ker, H and
                  Brunsell, P and Cecconello, M and Regnoli, G and
                  Alfier, A and Apolloni, L and Bagatin, M and Baker,
                  W and Barana, O and Basso, F and Bettella, D and
                  Bettini, P and Bolzonella, T and Bonfiglio, D and
                  Buffa, A and Canto, A and Cappello, S and Carraro, L
                  and Cavinato, Mario and Chitarin, G and Cravotta, A
                  and Dangelo, F and Bello, S Dal and Palma, M Dalla
                  and de Lorenzi, A and de Pasqual, L and Desideri, D
                  and Escande, DF and Fiorentin, P and Franz, P and
                  Frrassinetti, L and Gadani, G and Gaio, E and
                  Garzotti, L and Gazza, E and Giudicotti, L and
                  Gnesotto, F and Grando, L and Guo, SC and Innocente,
                  P and Lorenzini, R and Luccehtta, A and Malesani, G
                  and Manduchi, G and Marchiori, G and Marcuzzi, D and
                  Marrelli, L and Martin, P and Martini, S and
                  Masiello, A and Milani, F and Moresco, M and Murari,
                  A and Nielsen, P and Ortolani, S and Paccagnella, R
                  and Pasqualotto, R and Peruzzo, S and Piovan, R and
                  Piovesan, P and Pomaro, N and Puiatti, ME and
                  Rostangi, G and Sattin, F and Schmidt, V and Scarin,
                  P and Sonato, P and Spizzo, Gianluca and Taliercio,
                  C and Terranova, D and Toigo, V and Valisa, M and
                  Zaccarica, P and Zanca, P and Zaniol, B and Zanotto,
                  L and Zilli, E and Zollino, G and Zuin, M},
  title =	 {{Turbulent transport and plasma flow in the Reversed
                  Field Pinch}},
  booktitle =	 {Proceedings 20nd IAEA Fusion Energy Conference},
  year =	 2004,
  pages =	 {EX/8--4Ra},
  location =	 {Villamoura, Portugal},
  ISBN =	 {92-0-100405-2}
}

@inproceedings{Spagnolo:2014wc,
  author =	 {Spagnolo, S and Zuin, M and Auriemma, F and Barbui,
                  T and Cavazzana, R and De Masi, G and Innocente, P
                  and Martines, E and Momo, B and Rea, C and Spolaore,
                  M and Spong, D A and Vianello, N},
  title =	 {{Characterization of Alfv{\'e}n Eigenmodes in
                  RFX-mod plasmas}},
  booktitle =	 {41st EPS Conference on Plasma Physics},
  year =	 2014,
  pages =	 {P5.085},
  location =	 {Berlin}
}

@inproceedings{Rea:2014ts,
  author =	 {Rea, C and Vianello, N and Agostini, M and
                  Cavazzana, R and De Masi, G and Martines, E and
                  Momo, B and Scarin, P and Spagnolo, S and Spizzo, G
                  and Spolaore, M and Zuin, M},
  title =	 {{Investigation of edge transport properties in
                  helically shaped RFP discharges}},
  booktitle =	 {41st EPS Conference on Plasma Physics},
  year =	 2014,
  pages =	 {P5.077},
  location =	 {Berlin}
}

@inproceedings{Spolaore:2014vj,
  author =	 {Spolaore, M and Cavazzana, R and De Masi, G and
                  Finotti, C and Kudlacek, O and Marchiori, G and
                  Martines, E and Momo, B and Rea, C and Spagnolo, S
                  and Vianello, N and Zuin, M},
  title =	 {{Edge effects of dynamically shaped tokamak
                  configuration in RFX-mod experiment}},
  booktitle =	 {41st EPS Conference on Plasma Physics},
  year =	 2014,
  pages =	 {P5.073},
  location =	 {Berlin}
}

@inproceedings{Kovarik:2014tq,
  author =	 {Kovarik, K and Spolaore, M and Duran, I and Stockel,
                  J and Adamek, J and Vianello, N},
  title =	 {{First measurements of SOL plasma filament
                  properties with U-probe on the COMPASS tokamak}},
  booktitle =	 {41st EPS Conference on Plasma Physics},
  year =	 2014,
  pages =	 {P5.025},
  location =	 {Berlin}
}

@inproceedings{Costea:2014vm,
  author =	 {Costea, S and Nielsen, A H and Naulin, V and
                  Rasmussen, J J and M{\"u}ller, H W and Conway, G D
                  and Vianello, N and Carralero, D and Schrittwieser,
                  R and Mehlmann, F and Lux, C and Ionita, C},
  title =	 {{Investigations of poloidal velocity and shear in
                  the SOL of ASDEX Upgrade}},
  booktitle =	 {41st EPS Conference on Plasma Physics},
  year =	 2014,
  pages =	 {P2.001},
  location =	 {Berlin}
}

%% Created using Papers on Fri, 31 Oct 2014.
%% http://papersapp.com/papers/

@inproceedings{Spolaore:2014vw,
  author =	 {Spolaore, M and Agostini, M and Cavazzana, R and De
                  Masi, G and Martines, E and Mazzi, Alberto and Momo,
                  B and Rea, C and Spagnolo, S and Spizzo, G and
                  Scarin, P and Vianello, N and Zanca, P and
                  Terranova, D and Zuin, M},
  title =	 {{Turbulent electromagnetic filaments in actively
                  modulated toroidal plasma edge}},
  booktitle =	 {25th IAEA Fusion Energy Conference},
  year =	 2014,
  pages =	 {{EX/P1-40}},
  location =	 {Saint Petersburg, Russia}
}

@inproceedings{Spizzo:2014ws,
  author =	 {Spizzo, G and Pucella, G and Tudisco, O and Zuin, M
                  and Agostini, M and Auriemma, F and Buratti, P and
                  Carraro, L and Cavazzana, R and Ciaccio, G and De
                  Masi, G and Granucci, G and Marinucci, M and
                  Marrelli, L and Mazzotta, C and Puiatti, M E and
                  Scarin, P and Spolaore, M and Schmitz, O and
                  Vianello, N and White, R B},
  title =	 {{Density limit studies in the tokamak and the
                  reversed-field pinch}},
  booktitle =	 {25th IAEA Fusion Energy Conference},
  year =	 2014,
  pages =	 {{EX/P1-42}},
  location =	 {Saint Petersburg, Russia}
}
