%% Created using Papers on Mon, 07 Jan 2013.
%% http://mekentosj.com/papers/

@article{Manz:2012jq,
author = {Manz, P and Xu, M and Fedorczak, N. and Thakur, S C and Tynan, G R},
title = {{Spatial redistribution of turbulent and mean kinetic energy}},
journal = {Physics of Plasmas},
year = {2012},
volume = {19},
number = {1},
pages = {012309--012309--6},
month = jan,
Keywords= {others}
}

@article{Manz:2012hh,
author = {Manz, P and Xu, G S and Wan, B N and Wang, H. Q. and Guo, H. Y. and Cziegler, I and Fedorczak, N. and Holland, C and M{\"u}ller, S H and Thakur, S C and Xu, M and Miki, K and Diamond, P H and Tynan, G R},
title = {{Zonal flow triggers the L-H transition in the Experimental Advanced Superconducting Tokamak}},
journal = {Physics of Plasmas},
year = {2012},
volume = {19},
number = {7},
pages = {072311},
Keywords={others}
}

@article{Evans:2006p2554,
author = {Evans, Todd E and Moyer, Richard A and Burrell, Keith H and Fenstermacher, Max E and Joseph, Ilon and Leonard, Anthony W and Osborne, Thomas H and Porter, Gary D and Schaffer, Michael J and Snyder, Philip B and Thomas, Paul R and Watkins, Jonathan G and West, William P},
title = {{Edge stability and transport control with resonant magnetic perturbations in collisionless tokamak plasmas}},
journal = {Nature Physics},
year = {2006},
volume = {2},
number = {6},
pages = {419--423},
month = jun,
Keywords={others}
}
@article{Suttrop:2011bp,
author = {Suttrop, W and Eich, T and Fuchs, J and G{\"u}nter, S and Janzer, A and Herrmann, A and Kallenbach, A and Lang, P and Lunt, T and Maraschek, M and Mcdermott, R and Mlynek, A and P{\"u}tterich, T and Rott, M and Vierle, T and Wolfrum, E and Yu, Q and Zammuto, I and Zohm, H and Asdex Upgrade Team},
title = {{First Observation of Edge Localized Modes Mitigation with Resonant and Nonresonant Magnetic Perturbations in ASDEX Upgrade}},
journal = {Physical Review Letters},
year = {2011},
volume = {106},
number = {22},
pages = {225004},
month = jun,
Keywords={others}
}

@article{Liang:2011ww,
author = {Liang, Y},
title = {{Overview of Edge Localized Modes Control in Tokamak Plasmas}},
journal = {Fusion Science and Technology},
year = {2011},
volume = {59},
number = {3},
pages = {586--601},
Keywords={others}
}

@article{Boozer:2009p4091,
author = {Boozer, Allen H},
title = {{Use of nonaxisymmetric shaping in magnetic fusion}},
journal = {Physics of Plasmas},
year = {2009},
volume = {16},
number = {5},
pages = {058102},
month = jan,
Keywords={others}
}

@article{Garofalo:2009p4775,
author = {Garofalo, A and Solomon, W and Lanctot, M and Burrell, K and Deboo, J and Degrassie, J and Jackson, G and Park, J-K and Reimerdes, H and Schaffer, M and Strait, E},
title = {{Plasma rotation driven by static nonresonant magnetic fields}},
journal = {Physics of Plasmas},
year = {2009},
volume = {16},
number = {5},
pages = {056119--056110},
month = may,
Keywords={others}
}



@article{Nave:2010p4812,
author = {Nave, M and Johnson, T and Eriksson, L-G and Cromb{\'e}, K and Giroud, C and Mayoral, M-L and Ongena, J and Salmi, A and Tala, T and Tsalas, M},
title = {{Influence of Magnetic Field Ripple on the Intrinsic Rotation of Tokamak Plasmas}},
journal = {Physical Review Letters},
year = {2010},
volume = {105},
number = {10},
pages = {105005},
month = sep,
Keywords={others}
}

@article{Kirk:2010p4626,
author = {Kirk, A and Nardon, E and Akers, R J and B{\'e}coulet, M and de Temmerman, G and Dudson, B and Hnat, B and Liu, Y and Martin, R and Tamain, P and Taylor, D},
title = {{Resonant magnetic perturbation experiments on MAST using external and internal coils for ELM control}},
journal = {Nuclear Fusion},
year = {2010},
volume = {50},
pages = {034008},
month = mar,
Keywords={others}
}

@inproceedings{LoarteIAEAv:2012ui,
author = {Loarte, A and Huijsmans, G and Futatani, S and Campbell, D J and Casper, T and Daly, E and Gribov, Y and Pitts, R A and Lisgo, S and Sashala Naik, A and Baylor, L R and Evans, T E and Orlov, D M and Wingen, A and Schmitz, O and Frerichs, H and Kischner, A and Laengner, R and Saibene, G and Becoulet, M and Cahyna, P and Kavin, A},
title = {{Progress on the application of ELM schemes to ITER scenarios from the non-active phase to DT operation}},
booktitle = {24th IAEA Fusion Energy Conference},
year = {2012},
address = {San Diego, CA, USA},
Keywords={others}
}

@article{Lehnen:2005ir,
author = {Lehnen, M and Abdullaev, S and Biel, W and Bock, M F M de and Brezinsek, S and Busch, C and Classen, I and Finken, K H and Hellermann, M von and Jachmich, S and Jakubowski, M and Jaspers, R and Koslowski, H R and Kr{\"a}mer-Flecken, A and Kikuchi, Y and Liang, Y and Nicolai, A and Pospieszczyk, A and Rompuy, T Van and Samm, U and Schmitz, O and Sergienko, G and Unterberg, B and Wolf, R and Zimmermann, O and Team, The Textor},
title = {{Transport and divertor properties of the dynamic ergodic divertor}},
journal = {Plasma Physics and Controlled Fusion},
year = {2005},
volume = {47},
number = {12B},
pages = {B237--B248},
month = nov,
Keywords={others}
}

@article{0741-3335-44-11-306,
author = {K{\"o}nig, R and Grigull, P and Mccormick, K and Feng, Y and Kisslinger, J and Komori, A and Masuzaki, S and Matsuoka, K and Obiki, T and Ohyabu, N and Renner, H and Sardei, F and Wagner, F and Werner, A},
title = {{The divertor program in stellarators}},
journal = {Plasma Physics and Controlled Fusion},
year = {2002},
volume = {44},
number = {11},
pages = {2365},
Keywords={others}
}
